@BOOK(HandE,
  author    = "S. W Hawking   and G. F. R. Ellis",
  title     = "The Large Scale Structure of Space-time",
  publisher = "Cambridge University Press",
  year      = "1973",
)

@ARTICLE(geroch,
  author    = "R. P. Geroch",
  title     = "What is a singularity in General Relativity",
  journal   = "Annals of Phyics",
  volume    = "48",
  year      = "1968",
  pages     = "526--540",
)

@BOOK(MTW,
  author    = "C. W. Misner  and K. S. Thorne and J. A. Wheeler",
  title     = "Gravitation",
  publisher = "W. H. Freeman and Company",
  year      = "1973",
)

@ARTICLE(GS,
  author 	= "M. Gerstenhaber and S.D. Schack",
  title	= "A Hodge-type decomposition for commutative algebra cohomology",
  jounral	= "J. Pure Appl. Algebra",
  volume	= "48",
  year	= "1987",
  pages	= "229-247",
)

@ARTICLE(HanlonHodge,
  author	= "P. Hanlon, ",
  title	= "The Action of $S_n$ on the Components of the Hodge Decomposition of Hochschild Homology",
  journal	= "Michigan Math. J.",
  volume	= "37",
  year	= "1990",
  pages	= "105-124",
)

@ARTICLE(HanlonMac,
  author	= "P. Hanlon",
  title	= "Cyclic homology and the Macdonald conjectures",
  journal	= "Invent. Math.",
  volume	= "68",
  year	= "1986",
  pages	= "131-159",
)

@ARTICLE(Hanlon,
  author	= "P. Hanlon",
  title	= "Hodge Structure on Posets",
  journal	= "Proc. AMS",
  year	= "to appear",
)

@ARTICLE(S1,
  author	= "S. Kravitz",
  title	= "The Hodge structure on a filtered Boolean algebra",
  journal	= "J. Algebraic Comb.",
  year	= "to appear",
)

@ARTICLE(Loday,
  author	= "J. L. Loday",
  title 	= "Partition eul\'eriene et op\'erations en homologie cyclique",
  jounral	= "C. R. Acad. Sci. Paris S\'er. I Math.",
  volume	= "307",
  year 	= "1988",
  pages	= "283-286",
)

@BOOK(Sagan,
  author	= "B. E. Sagan",
  title	= "The Symmetric Group: Representations, Combinatorial Algorithms, and Symmetric Functions",
  publisher = "Springer-Verlag",
  year	= "2001",
)

@BOOK(Weibel,
  author 	= "C. Weibel",
  title	= "An introduction to homological algebra",
  publisher	= "Cambridge University Press",
  year	= "1994",
)

